@article{PhysRev.65.117,
  title = {Crystal Statistics. I. A Two-Dimensional Model with an Order-Disorder Transition},
  author = {Onsager, Lars},
  journal = {Phys. Rev.},
  year = {1944},
  publisher = {American Physical Society},
}

@book{baxter1982exactly,
  title={Exactly Solved Models in Statistical Mechanics},
  author={Baxter, R. J.},
  year={1982},
  publisher={Academic Press},
  address={London}
}
@article{metropolis1953equation,
  title={Equation of State Calculations by Fast Computing Machines},
  author={Metropolis, Nicholas and Rosenbluth, Arianna W. and Rosenbluth, Marshall N. and Teller, Augusta H. and Teller, Edward},
  journal={Journal of Chemical Physics},
  year={1953},
  doi={10.1063/1.1699114},
}

@misc{sandvik_lecture_notes,
  author       = {Sandvik, Anders W.},
  title        = {Monte Carlo Simulation Lecture Notes},
  howpublished = {Lecture notes},
  organization = {Boston University},
  course = {PY 502, Computational Physics, Fall 2023},
  url          = {https://physics.bu.edu/~py502/lectures5/mc.pdf},
}

@article{SW,
  title = {Nonuniversal critical dynamics in Monte Carlo simulations},
  author = {Swendsen, Robert H. and Wang, Jian-Sheng},
  journal = {Phys. Rev. Lett.},
  volume = {58},
  pages = {86--88},
  year = {1987},
  publisher = {American Physical Society},
}

@article{Wolff_algo,
  title = {Collective Monte Carlo Updating for Spin Systems},
  author = {Wolff, Ulli},
  journal = {Phys. Rev. Lett.},
  volume = {62},
  year = {1989},
}
@article{wow,
  title = {Rejection-Free Geometric Cluster Algorithm for Complex Fluids},
  author = {Liu, Jiwen and Luijten, Erik},
  journal = {Phys. Rev. Lett.},
  publisher = {American Physical Society},
}






